@electronic{afl-whitepaper,
 author  = {Zalewski, Micha≈Ç},
 title   = {Technical "whitepaper" for afl-fuzz},
 year    = {2014},
 note    = {accessed April 4th, 2016},
 url     = {http://lcamtuf.coredump.cx/afl/technical_details.txt},
}
